@misc{maxar_germany_pv_dataset,
    author = {Clark, Cecilia N. and Pacifici, Fabio},
    title = {{A} solar panel dataset of very high resolution satellite imagery to support the {S}ustainable {D}evelopment {G}oals - {S}cientific {D}ata --- doi.org},
    doi = {https://doi.org/10.1038/s41597-023-02539-8},
    year = {2023},
    note = {[Accessed 16-03-2025]}
}

@inproceedings{de-Hoog_sota_survey_2020,
    address = {Virtual Event Australia},
    title = {Using Satellite and Aerial Imagery for Identification of Solar PV: State of the Art and Research Opportunities},
    ISBN = {9781450380096},
    url = {https://dl.acm.org/doi/10.1145/3396851.3397681},
    DOI = {10.1145/3396851.3397681},
    booktitle = {Proceedings of the Eleventh ACM International Conference on Future Energy Systems},
    publisher = {ACM},
    author = {De Hoog, Julian and Maetschke, Stefan and Ilfrich, Peter and Kolluri, Ramachandra Rao},
    year = {2020},
    month = jun,
    pages = {308–313},
    language = {en}
}

@article{Hu_solar_array_pitfalls_2022,
    title = {What you get is not always what you see—pitfalls in solar array assessment using overhead imagery},
    volume = {327},
    ISSN = {03062619},
    url = {https://linkinghub.elsevier.com/retrieve/pii/S0306261922014003},
    DOI = {10.1016/j.apenergy.2022.120143},
    journal = {Applied Energy},
    author = {Hu, Wei and Bradbury, Kyle and Malof, Jordan M. and Li, Boning and Huang, Bohao and Streltsov, Artem and Sydny Fujita, K. and Hoen, Ben},
    year = {2022},
    month = dec,
    pages = {120143},
    language = {en}
}

@article{He_universal_pv_spectral_index_2024,
    title = {Developing a Universal Spectral Index for Solar Photovoltaic Panels: A Methodology for Spatial Information Extraction from Satellite Remote Sensing Imagery},
    url = {https://www.ssrn.com/abstract=4855811},
    DOI = {10.2139/ssrn.4855811},
    author = {He, Shuang and Tian, Qingjiu and Tian, Jia},
    year = {2024}
}

@inproceedings{Bansal_ssl_nowcasting_2022,
    address = {Virtual Event},
    title = {A moment in the sun: solar nowcasting from multispectral satellite data using self-supervised learning},
    ISBN = {9781450393973},
    url = {https://dl.acm.org/doi/10.1145/3538637.3538854},
    DOI = {10.1145/3538637.3538854},
    booktitle = {Proceedings of the Thirteenth ACM International Conference on Future Energy Systems},
    publisher = {ACM},
    author = {Bansal, Akansha Singh and Bansal, Trapit and Irwin, David},
    year = {2022},
    month = jun,
    pages = {251–262},
    language = {en}
}

@article{Jiang_rooftop_pv_assessment_2022,
    title = {Geospatial assessment of rooftop solar photovoltaic potential using multi-source remote sensing data},
    volume = {10},
    ISSN = {26665468},
    url = {https://linkinghub.elsevier.com/retrieve/pii/S2666546822000349},
    DOI = {10.1016/j.egyai.2022.100185},
    journal = {Energy and AI},
    author = {Jiang, Hou and Yao, Ling and Lu, Ning and Qin, Jun and Liu, Tang and Liu, Yujun and Zhou, Chenghu},
    year = {2022},
    month = nov,
    pages = {100185},
    language = {en}
}

@article{Tremenbert_Kasmi_pyPV_roof_2023,
    title = {PyPVRoof: a Python package for extracting the characteristics of rooftop PV installations using remote sensing data},
    rights = {Creative Commons Attribution 4.0 International},
    url = {https://arxiv.org/abs/2309.07143},
    DOI = {10.48550/ARXIV.2309.07143},
    publisher = {arXiv},
    author = {Tremenbert, Yann and Kasmi, Gabriel and Dubus, Laurent and Saint-Drenan, Yves-Marie and Blanc, Philippe},
    year = {2023}
}

@article{Yu_deep_solar_2018,
    title = {DeepSolar: A Machine Learning Framework to Efficiently Construct a Solar Deployment Database in the United States},
    volume = {2},
    ISSN = {25424351},
    url = {https://linkinghub.elsevier.com/retrieve/pii/S2542435118305701},
    DOI = {10.1016/j.joule.2018.11.021},
    number = {12},
    journal = {Joule},
    author = {Yu, Jiafan and Wang, Zhecheng and Majumdar, Arun and Rajagopal, Ram},
    year = {2018},
    month = dec,
    pages = {2605–2617},
    language = {en}
}

% pv imagery datasets
@article{kruitwagen_global_inventory_pv_units_2021,
    title = {A global inventory of photovoltaic solar energy generating units},
    volume = {598},
    ISSN = {0028-0836, 1476-4687},
    url = {https://www.nature.com/articles/s41586-021-03957-7},
    DOI = {10.1038/s41586-021-03957-7},
    number = {7882},
    journal = {Nature},
    author = {Kruitwagen, L. and Story, K. T. and Friedrich, J. and Byers, L. and Skillman, S. and Hepburn, C.},
    year = {2021},
    month = oct,
    pages = {604–610},
    language = {en}
}

@article{robinson_ms_planet_global_renewables_watch_2025,
    title = {Global Renewables Watch: A Temporal Dataset of Solar and Wind Energy Derived from Satellite Imagery},
    url = {http://arxiv.org/abs/2503.14860},
    DOI = {10.48550/arXiv.2503.14860},
    note = {arXiv:2503.14860},
    number = {arXiv:2503.14860},
    publisher = {arXiv},
    author = {Robinson, Caleb and Ortiz, Anthony and Kim, Allen and Dodhia, Rahul and Zolli, Andrew and Nagaraju, Shivaprakash K. and Oakleaf, James and Kiesecker, Joe and Ferres, Juan M. Lavista},
    year = {2025},
    month = mar
}

@article{Pueblas_workflow_rooftop_PV_assessment_sat_img_2023,
    title = {ETHOS.PASSION: An open-source workflow for rooftop photovoltaic potential assessments from satellite imagery},
    volume = {265},
    ISSN = {0038092X},
    url = {https://linkinghub.elsevier.com/retrieve/pii/S0038092X23007284},
    DOI = {10.1016/j.solener.2023.112094},
    journal = {Solar Energy},
    author = {Pueblas, Rodrigo and Kuckertz, Patrick and Weinand, Jann Michael and Kotzur, Leander and Stolten, Detlef},
    year = {2023},
    month = nov,
    pages = {112094},
    language = {en}
}

@article{Castanedo_trad_data_fusion_2013,
    title = {A Review of Data Fusion Techniques},
    volume = {2013},
    ISSN = {2356-6140, 1537-744X},
    url = {https://onlinelibrary.wiley.com/doi/10.1155/2013/704504},
    DOI = {10.1155/2013/704504},
    number = {1},
    journal = {The Scientific World Journal},
    author = {Castanedo, Federico},
    editor = {Takama, Y. and Ursino, D.},
    year = {2013},
    month = jan,
    pages = {704504},
    language = {en}
}

@article{Ghamisi_Multisource_and_Multitemporal_Data_Fusion_in_Remote_Sensing_2019,
    title = {Multisource and Multitemporal Data Fusion in Remote Sensing: A Comprehensive Review of the State of the Art},
    volume = {7},
    ISSN = {2168-6831, 2473-2397, 2373-7468},
    url = {https://ieeexplore.ieee.org/document/8672156/},
    DOI = {10.1109/MGRS.2018.2890023},
    number = {1},
    journal = {IEEE Geoscience and Remote Sensing Magazine},
    author = {Ghamisi, Pedram and Gloaguen, Richard and Atkinson, Peter M. and Benediktsson, Jon Atli and Rasti, Behnood and Yokoya, Naoto and Wang, Qunming and Hofle, Bernhard and Bruzzone, Lorenzo and Bovolo, Francesca and Chi, Mingmin and Anders, Katharina},
    year = {2019},
    month = mar,
    pages = {6–39}
}

@article{Hussain_DL_Data_Fusion_review_2024,
  author={Hussain, Mazhar and O’Nils, Mattias and Lundgren, Jan and Mousavirad, Seyed Jalaleddin},
  journal={IEEE Access}, 
  title={A Comprehensive Review on Deep Learning-Based Data Fusion}, 
  year={2024},
  volume={12},
  number={},
  pages={180093-180124},
  keywords={Data integration;Reviews;Portfolios;Databases;Remote sensing;Market research;Laser radar;Deep learning;Systematics;Support vector machines;Data fusion;deep learning;early-level fusion;intermediate-level feature fusion;late level decision fusion;hybrid fusion;review},
  doi={10.1109/ACCESS.2024.3508271}
}

@article{Li_DL_multimodal_RS_data_fusion_review_2022,
    title={Deep learning in multimodal remote sensing data fusion: A comprehensive review},
    volume={112},
    ISSN={15698432},
    url={https://linkinghub.elsevier.com/retrieve/pii/S1569843222001248},
    DOI={10.1016/j.jag.2022.102926},
    journal={International Journal of Applied Earth Observation and Geoinformation},
    author={Li, Jiaxin and Hong, Danfeng and Gao, Lianru and Yao, Jing and Zheng, Ke and Zhang, Bing and Chanussot, Jocelyn},
    year={2022},
    month=aug,
    pages={102926},
    language={en}
}

@article{Zhang_panchromatic_and_msi_fusion_for_RS_and_EO_2023,
    title={Panchromatic and multispectral image fusion for remote sensing and earth observation: Concepts, taxonomy, literature review, evaluation methodologies and challenges ahead},
    volume={93}, ISSN={15662535},
    url={https://linkinghub.elsevier.com/retrieve/pii/S1566253522002755},
    DOI={10.1016/j.inffus.2022.12.026},
    journal={Information Fusion},
    author={Zhang, Kai and Zhang, Feng and Wan, Wenbo and Yu, Hui and Sun, Jiande and Del Ser, Javier and Elyan, Eyad and Hussain, Amir},
    year={2023},
    month=may,
    pages={227–242},
    language={en}
}