@misc{maxar_germany_pv_dataset,
    author = {Clark, Cecilia N. and Pacifici, Fabio},
    title = {{A} solar panel dataset of very high resolution satellite imagery to support the {S}ustainable {D}evelopment {G}oals - {S}cientific {D}ata --- doi.org},
    doi = {https://doi.org/10.1038/s41597-023-02539-8},
    year = {2023},
    note = {[Accessed 16-03-2025]}
}

@inproceedings{de-Hoog_sota_survey_2020,
    address = {Virtual Event Australia},
    title = {Using Satellite and Aerial Imagery for Identification of Solar PV: State of the Art and Research Opportunities},
    ISBN = {9781450380096},
    url = {https://dl.acm.org/doi/10.1145/3396851.3397681},
    DOI = {10.1145/3396851.3397681},
    booktitle = {Proceedings of the Eleventh ACM International Conference on Future Energy Systems},
    publisher = {ACM},
    author = {De Hoog, Julian and Maetschke, Stefan and Ilfrich, Peter and Kolluri, Ramachandra Rao},
    year = {2020},
    month = jun,
    pages = {308–313},
    language = {en}
}

@misc{MST_with_attitude_swe, 
    url={https://dwf.dev/blog/2024/10/12/2024/minimum-spanning-trees}, 
    abstractNote={This post explores minimum spanning trees (MSTs), specifically the cut property used by most MST algorithms, and then the most popular MST algorithms themselves: Kruskal, Boruvka, and Prim.}, year={2024}, 
    month=oct, 
    language={en} 
}


@article{Szwarcman_nasa_ibm_gfm_2024,
    title={Prithvi-EO-2.0: A Versatile Multi-Temporal Foundation Model for Earth Observation Applications},
    rights={Creative Commons Attribution 4.0 International},
    url={https://arxiv.org/abs/2412.02732},
    DOI={10.48550/ARXIV.2412.02732},
    publisher={arXiv},
    author={Szwarcman, Daniela and Roy, Sujit and Fraccaro, Paolo and Gíslason, Þorsteinn Elí and Blumenstiel, Benedikt and Ghosal, Rinki and de Oliveira, Pedro Henrique and Almeida, Joao Lucas de Sousa and Sedona, Rocco and Kang, Yanghui and Chakraborty, Srija and Wang, Sizhe and Gomes, Carlos and Kumar, Ankur and Truong, Myscon and Godwin, Denys and Lee, Hyunho and Hsu, Chia-Yu and Asanjan, Ata Akbari and Mujeci, Besart and Shidham, Disha and Keenan, Trevor and Arevalo, Paulo and Li, Wenwen and Alemohammad, Hamed and Olofsson, Pontus and Hain, Christopher and Kennedy, Robert and Zadrozny, Bianca and Bell, David and Cavallaro, Gabriele and Watson, Campbell and Maskey, Manil and Ramachandran, Rahul and Moreno, Juan Bernabe},
    year={2024}
}
@article{Hu_solar_array_pitfalls_2022,
    title = {What you get is not always what you see—pitfalls in solar array assessment using overhead imagery},
    volume = {327},
    ISSN = {03062619},
    url = {https://linkinghub.elsevier.com/retrieve/pii/S0306261922014003},
    DOI = {10.1016/j.apenergy.2022.120143},
    journal = {Applied Energy},
    author = {Hu, Wei and Bradbury, Kyle and Malof, Jordan M. and Li, Boning and Huang, Bohao and Streltsov, Artem and Sydny Fujita, K. and Hoen, Ben},
    year = {2022},
    month = dec,
    pages = {120143},
    language = {en}
}

@article{He_universal_pv_spectral_index_2024,
    title = {Developing a Universal Spectral Index for Solar Photovoltaic Panels: A Methodology for Spatial Information Extraction from Satellite Remote Sensing Imagery},
    url = {https://www.ssrn.com/abstract=4855811},
    DOI = {10.2139/ssrn.4855811},
    author = {He, Shuang and Tian, Qingjiu and Tian, Jia},
    year = {2024}
}

@misc{OGC_DGGS_Spec,
    title = {Discrete Global Grid Systems - OGC Abstract Specification},
    url = {http://www.opengis.net/doc/AS/dggs/2.0},
    journal = {Topic 21 - Discrete Global Grid Systems},
    publisher = {Open Geospatial Consortium}
}

@article{XDGGS_Kmoch_2024, 
    title={XDGGS: A community-developed Xarray package to support planetary DGGS data cube computations},
    volume={XLVIII-4/W12-2024},
    rights={https://creativecommons.org/licenses/by/4.0/},
    ISSN={2194-9034},
    url={https://isprs-archives.copernicus.org/articles/XLVIII-4-W12-2024/75/2024/},
    DOI={10.5194/isprs-archives-XLVIII-4-W12-2024-75-2024},
    journal={The International Archives of the Photogrammetry, Remote Sensing and Spatial Information Sciences},
    author={Kmoch, Alexander and Bovy, Benoit and Magin, Justus and Abernathey, Ryan and Coca-Castro, Alejandro and Strobl, Peter and Fouilloux, Anne and Loos, Daniel and Uuemaa, Evelyn and Chan, Wai Tik and Delouis, Jean-Marc and Odaka, Tina},
    year={2024}, 
    month=jun,
    pages={75–80},
    language={en}
}

@misc{ESRI_DGGS_Intro_2023,
    title={Introduction to discrete global grid system},
    url={https://ecce.esri.ca/blog/2023/06/24/introduction-to-discrete-global-grid-system-dggs/},
    journal={Esri Canada GIS Centres of Excellence},
    publisher={ESRI Canada},
    author={Addae, Bright}
}

@misc{H3_Algorithm1, 
    title = {H3 Spatial Indexing Algorithm},
    url = {https://h3geo.org/docs/core-library/latLngToCellDesc}, 
    abstractNote = {This operation is performed by function latLngToCell. See the comments in the function for more detail.}, 
    language = {en} 
}

@article{schmitt_datasets_DL_EO_2023,
    title = {There Are No Data Like More Data: Datasets for deep learning in Earth observation},
    volume = {11},
    rights = {https://ieeexplore.ieee.org/Xplorehelp/downloads/license-information/IEEE.html},
    ISSN = {2168-6831, 2473-2397, 2373-7468},
    url = {https://ieeexplore.ieee.org/document/10213439/},
    DOI = {10.1109/MGRS.2023.3293459},
    number = {3},
    journal = {IEEE Geoscience and Remote Sensing Magazine},
    author = {Schmitt, Michael and Ahmadi, Seyed Ali and Xu, Yonghao and Taşkin, Gülşen and Verma, Ujjwal and Sica, Francescopaolo and Hänsch, Ronny},
    year = {2023},
    month = sep,
    pages = {63–97}
}

@misc{H3_Overview, 
    title = {H3 DGGS Overview},
    url={https://h3geo.org/docs/core-library/overview}, 
    abstractNote={The H3 geospatial indexing system is a discrete global grid system (see Sahr et al., 2003) consisting of a multi-precision hexagonal tiling of the sphere with hierarchical indexes.}, 
    language={en} 
}

@inproceedings{Wang_Yu_Gu_Shun_2021,
    address = {Virtual Event China},
    title = {Fast Parallel Algorithms for Euclidean Minimum Spanning Tree and Hierarchical Spatial Clustering},
    ISBN = {9781450383431},
    url = {https://dl.acm.org/doi/10.1145/3448016.3457296},
    DOI = {10.1145/3448016.3457296},
    booktitle = {Proceedings of the 2021 International Conference on Management of Data},
    publisher = {ACM},
    author = {Wang, Yiqiu and Yu, Shangdi and Gu, Yan and Shun, Julian},
    year = {2021},
    month = jun,
    pages = {1982–1995},
    language = {en}
}

@article{gagolewski_MST_Clustering_how_good_2024,
    title = {Clustering with Minimum Spanning Trees: How Good Can It Be?},
    volume = {42},
    ISSN = {0176-4268, 1432-1343},
    url = {https://link.springer.com/10.1007/s00357-024-09483-1},
    DOI = {10.1007/s00357-024-09483-1},
    number = {1},
    journal = {Journal of Classification},
    author = {Gagolewski, Marek and Cena, Anna and Bartoszuk, Maciej and Brzozowski, Łukasz},
    year = {2024},
    month = jul,
    pages = {90–112},
    language = {en}
}

@inproceedings{dhulipala_Optimal_Parallel_Dendrogram_2024,
    address = {Nantes France},
    title = {Optimal Parallel Algorithms for Dendrogram Computation and Single-Linkage Clustering},
    ISBN = {9798400704161},
    url = {https://dl.acm.org/doi/10.1145/3626183.3659973},
    DOI = {10.1145/3626183.3659973},
    booktitle = {Proceedings of the 36th ACM Symposium on Parallelism in Algorithms and Architectures},
    publisher = {ACM},
    author = {Dhulipala, Laxman and Dong, Xiaojun and Gowda, Kishen N. and Gu, Yan},
    year = {2024},
    month = jun,
    pages = {233–245},
    language = {en}
}


@inproceedings{sao_PANDORA_GPU_Dendrogram_2024,
    address = {Gotland Sweden},
    title = {PANDORA: A Parallel Dendrogram Construction Algorithm for Single Linkage Clustering on GPU},
    ISBN = {9798400717932},
    url = {https://dl.acm.org/doi/10.1145/3673038.3673148},
    DOI = {10.1145/3673038.3673148},
    booktitle = {Proceedings of the 53rd International Conference on Parallel Processing},
    publisher = {ACM},
    author = {Sao, Piyush and Prokopenko, Andrey and Lebrun-Grandie, Damien},
    year = {2024},
    month = aug,
    pages = {908–918},
    language = {en}
}

@article{Oje_HierGP_ST_2025, 
    title={HierGP: Hierarchical Grid Partitioning for Scalable Geospatial Data Analytics}, 
    volume={11}, 
    ISSN={2374-0353, 2374-0361}, 
    url={https://dl.acm.org/doi/10.1145/3699511}, 
    DOI={10.1145/3699511}, 
    number={2}, 
    journal={ACM Transactions on Spatial Algorithms and Systems}, 
    author={Oje, Olufunso and Stirewalt, Tashi and Amram, Ofer and Hystad, Perry and Amiri, Solmaz and Gebremedhin, Assefaw}, 
    year={2025}, 
    month=jun, 
    pages={1–20}, 
    language={en} 
}

@inbook{Li_H3_EO_planning_2024,
    address = {Singapore},
    title = {Planning for Earth Imaging Tasks via Grid Significance Mapping},
    volume = {14871},
    ISBN = {9789819756087},
    url = {https://link.springer.com/10.1007/978-981-97-5609-4_17},
    DOI = {10.1007/978-981-97-5609-4_17},
    booktitle = {Advanced Intelligent Computing Technology and Applications},
    publisher = {Springer Nature Singapore},
    author = {Li, Jinwen and Pan, Youmei and Zhu, Xiaobin and Xu, Fanjiang and Wang, Peng},
    editor = {Huang, De-Shuang and Zhang, Chuanlei and Guo, Jiayang},
    year = {2024},
    pages = {220–231},
    language = {en}
}

@inproceedings{Bansal_ssl_nowcasting_2022,
    address = {Virtual Event},
    title = {A moment in the sun: solar nowcasting from multispectral satellite data using self-supervised learning},
    ISBN = {9781450393973},
    url = {https://dl.acm.org/doi/10.1145/3538637.3538854},
    DOI = {10.1145/3538637.3538854},
    booktitle = {Proceedings of the Thirteenth ACM International Conference on Future Energy Systems},
    publisher = {ACM},
    author = {Bansal, Akansha Singh and Bansal, Trapit and Irwin, David},
    year = {2022},
    month = jun,
    pages = {251–262},
    language = {en}
}

@article{Jiang_rooftop_pv_assessment_2022,
    title = {Geospatial assessment of rooftop solar photovoltaic potential using multi-source remote sensing data},
    volume = {10},
    ISSN = {26665468},
    url = {https://linkinghub.elsevier.com/retrieve/pii/S2666546822000349},
    DOI = {10.1016/j.egyai.2022.100185},
    journal = {Energy and AI},
    author = {Jiang, Hou and Yao, Ling and Lu, Ning and Qin, Jun and Liu, Tang and Liu, Yujun and Zhou, Chenghu},
    year = {2022},
    month = nov,
    pages = {100185},
    language = {en}
}

@article{Tremenbert_Kasmi_pyPV_roof_2023,
    title = {PyPVRoof: a Python package for extracting the characteristics of rooftop PV installations using remote sensing data},
    rights = {Creative Commons Attribution 4.0 International},
    url = {https://arxiv.org/abs/2309.07143},
    DOI = {10.48550/ARXIV.2309.07143},
    publisher = {arXiv},
    author = {Tremenbert, Yann and Kasmi, Gabriel and Dubus, Laurent and Saint-Drenan, Yves-Marie and Blanc, Philippe},
    year = {2023}
}

@article{Yu_deep_solar_2018,
    title = {DeepSolar: A Machine Learning Framework to Efficiently Construct a Solar Deployment Database in the United States},
    volume = {2},
    ISSN = {25424351},
    url = {https://linkinghub.elsevier.com/retrieve/pii/S2542435118305701},
    DOI = {10.1016/j.joule.2018.11.021},
    number = {12},
    journal = {Joule},
    author = {Yu, Jiafan and Wang, Zhecheng and Majumdar, Arun and Rajagopal, Ram},
    year = {2018},
    month = dec,
    pages = {2605–2617},
    language = {en}
}

% pv imagery datasets
@article{kruitwagen_global_inventory_pv_units_2021,
    title = {A global inventory of photovoltaic solar energy generating units},
    volume = {598},
    ISSN = {0028-0836, 1476-4687},
    url = {https://www.nature.com/articles/s41586-021-03957-7},
    DOI = {10.1038/s41586-021-03957-7},
    number = {7882},
    journal = {Nature},
    author = {Kruitwagen, L. and Story, K. T. and Friedrich, J. and Byers, L. and Skillman, S. and Hepburn, C.},
    year = {2021},
    month = oct,
    pages = {604–610},
    language = {en}
}

@article{robinson_ms_planet_global_renewables_watch_2025,
    title = {Global Renewables Watch: A Temporal Dataset of Solar and Wind Energy Derived from Satellite Imagery},
    url = {http://arxiv.org/abs/2503.14860},
    DOI = {10.48550/arXiv.2503.14860},
    note = {arXiv:2503.14860},
    number = {arXiv:2503.14860},
    publisher = {arXiv},
    author = {Robinson, Caleb and Ortiz, Anthony and Kim, Allen and Dodhia, Rahul and Zolli, Andrew and Nagaraju, Shivaprakash K. and Oakleaf, James and Kiesecker, Joe and Ferres, Juan M. Lavista},
    year = {2025},
    month = mar
}

@article{yang_GloSoFarID_2024,
    title = {GloSoFarID: Global multispectral dataset for Solar Farm IDentification in satellite imagery},
    rights = {Creative Commons Attribution 4.0 International},
    url = {https://arxiv.org/abs/2404.05180},
    DOI = {10.48550/ARXIV.2404.05180},
    publisher = {arXiv},
    author = {Yang, Zhiyuan and Rad, Ryan},
    year = {2024}
}

@article{feng_10m_S2_China_2024, 
    title={A 10-m national-scale map of ground-mounted photovoltaic power stations in China of 2020}, 
    volume={11}, 
    ISSN={2052-4463}, 
    url={https://www.nature.com/articles/s41597-024-02994-x}, 
    DOI={10.1038/s41597-024-02994-x}, 
    number={1}, 
    journal={Scientific Data}, 
    author={Feng, Quanlong and Niu, Bowen and Ren, Yan and Su, Shuai and Wang, Jiudong and Shi, Hongda and Yang, Jianyu and Han, Mengyao}, 
    year={2024}, 
    month=feb, 
    pages={198}, 
    language={en} 
}

@article{Pueblas_workflow_rooftop_PV_assessment_sat_img_2023,
    title = {ETHOS.PASSION: An open-source workflow for rooftop photovoltaic potential assessments from satellite imagery},
    volume = {265},
    ISSN = {0038092X},
    url = {https://linkinghub.elsevier.com/retrieve/pii/S0038092X23007284},
    DOI = {10.1016/j.solener.2023.112094},
    journal = {Solar Energy},
    author = {Pueblas, Rodrigo and Kuckertz, Patrick and Weinand, Jann Michael and Kotzur, Leander and Stolten, Detlef},
    year = {2023},
    month = nov,
    pages = {112094},
    language = {en}
}

@inproceedings{Boussif_neurips_day_ahead_solar_forecasting_2023,
     author = {Boussif, Oussama and Boukachab, Ghait and Assouline, Dan and Massaroli, Stefano and Yuan, Tianle and Benabbou, Loubna and Bengio, Yoshua},
     booktitle = {Advances in Neural Information Processing Systems},
     editor = {A. Oh and T. Naumann and A. Globerson and K. Saenko and M. Hardt and S. Levine},
     pages = {2342--2367},
     publisher = {Curran Associates, Inc.},
     title = {Improving day-ahead Solar Irradiance Time Series Forecasting by Leveraging Spatio-Temporal Context},
     url = {https://proceedings.neurips.cc/paper_files/paper/2023/file/070a57c5ef1e58cc90201b11d369b3c2-Paper-Conference.pdf},
     volume = {36},
     year = {2023}
}

@inproceedings{Li_solarcube_solar_forecasting_2024,
     author = {Li, Ruohan and Xie, Yiqun and Jia, Xiaowei and Wang, Dongdong and Li, Yanhua and Zhang, Yingxue and Wang, Zhihao and Li, Zhili},
     booktitle = {Advances in Neural Information Processing Systems},
     editor = {A. Globerson and L. Mackey and D. Belgrave and A. Fan and U. Paquet and J. Tomczak and C. Zhang},
     pages = {3499--3513},
     publisher = {Curran Associates, Inc.},
     title = {SolarCube: An Integrative Benchmark Dataset Harnessing Satellite and In-situ Observations for Large-scale Solar Energy Forecasting},
     url = {https://proceedings.neurips.cc/paper_files/paper/2024/file/06477eb61ea6b85c6608d42a222462df-Paper-Datasets_and_Benchmarks_Track.pdf},
     volume = {37},
     year = {2024}
}

@article{Castanedo_trad_data_fusion_2013,
    title = {A Review of Data Fusion Techniques},
    volume = {2013},
    ISSN = {2356-6140, 1537-744X},
    url = {https://onlinelibrary.wiley.com/doi/10.1155/2013/704504},
    DOI = {10.1155/2013/704504},
    number = {1},
    journal = {The Scientific World Journal},
    author = {Castanedo, Federico},
    editor = {Takama, Y. and Ursino, D.},
    year = {2013},
    month = jan,
    pages = {704504},
    language = {en}
}

@article{Ghamisi_Multisource_and_Multitemporal_Data_Fusion_in_Remote_Sensing_2019,
    title = {Multisource and Multitemporal Data Fusion in Remote Sensing: A Comprehensive Review of the State of the Art},
    volume = {7},
    ISSN = {2168-6831, 2473-2397, 2373-7468},
    url = {https://ieeexplore.ieee.org/document/8672156/},
    DOI = {10.1109/MGRS.2018.2890023},
    number = {1},
    journal = {IEEE Geoscience and Remote Sensing Magazine},
    author = {Ghamisi, Pedram and Gloaguen, Richard and Atkinson, Peter M. and Benediktsson, Jon Atli and Rasti, Behnood and Yokoya, Naoto and Wang, Qunming and Hofle, Bernhard and Bruzzone, Lorenzo and Bovolo, Francesca and Chi, Mingmin and Anders, Katharina},
    year = {2019},
    month = mar,
    pages = {6–39}
}

@article{Hussain_DL_Data_Fusion_review_2024,
  author={Hussain, Mazhar and O’Nils, Mattias and Lundgren, Jan and Mousavirad, Seyed Jalaleddin},
  journal={IEEE Access}, 
  title={A Comprehensive Review on Deep Learning-Based Data Fusion}, 
  year={2024},
  volume={12},
  number={},
  pages={180093-180124},
  keywords={Data integration;Reviews;Portfolios;Databases;Remote sensing;Market research;Laser radar;Deep learning;Systematics;Support vector machines;Data fusion;deep learning;early-level fusion;intermediate-level feature fusion;late level decision fusion;hybrid fusion;review},
  doi={10.1109/ACCESS.2024.3508271}
}

@article{Li_DL_multimodal_RS_data_fusion_review_2022,
    title={Deep learning in multimodal remote sensing data fusion: A comprehensive review},
    volume={112},
    ISSN={15698432},
    url={https://linkinghub.elsevier.com/retrieve/pii/S1569843222001248},
    DOI={10.1016/j.jag.2022.102926},
    journal={International Journal of Applied Earth Observation and Geoinformation},
    author={Li, Jiaxin and Hong, Danfeng and Gao, Lianru and Yao, Jing and Zheng, Ke and Zhang, Bing and Chanussot, Jocelyn},
    year={2022},
    month=aug,
    pages={102926},
    language={en}
}

@article{Zhang_panchromatic_and_msi_fusion_for_RS_and_EO_2023,
    title={Panchromatic and multispectral image fusion for remote sensing and earth observation: Concepts, taxonomy, literature review, evaluation methodologies and challenges ahead},
    volume={93}, ISSN={15662535},
    url={https://linkinghub.elsevier.com/retrieve/pii/S1566253522002755},
    DOI={10.1016/j.inffus.2022.12.026},
    journal={Information Fusion},
    author={Zhang, Kai and Zhang, Feng and Wan, Wenbo and Yu, Hui and Sun, Jiande and Del Ser, Javier and Elyan, Eyad and Hussain, Amir},
    year={2023},
    month=may,
    pages={227–242},
    language={en}
}